<?xml version="1.0" encoding="UTF-8"?><collection xmlns="http://www.loc.gov/MARC21/slim"><record><leader>00664nam--2200205-i-4500</leader><controlfield tag="001">000027322</controlfield><controlfield tag="002">20161230</controlfield><controlfield tag="005">20161230201036</controlfield><controlfield tag="008">060222s1000------------r-----000-0-eng-d</controlfield><datafield ind1=" " ind2=" " tag="020"><subfield code="a">0856210226</subfield></datafield><datafield ind1=" " ind2=" " tag="040"><subfield code="a">IFIN-HH</subfield></datafield><datafield ind1=" " ind2=" " tag="080"><subfield code="a">535.6:621.382:537.311.33</subfield></datafield><datafield ind1="1" ind2=" " tag="100"><subfield code="a">Townsend, P.D</subfield></datafield><datafield ind1="1" ind2="0" tag="245"><subfield code="a">Colour centres and imperfections in insulators and semiconductors</subfield><subfield code="c">P.d. townsend, j.c. kelly</subfield></datafield><datafield ind1=" " ind2=" " tag="260"><subfield code="a">London</subfield><subfield code="b">Chatto &amp; Windus For Sussex University Press</subfield><subfield code="c">1973</subfield></datafield><datafield ind1=" " ind2=" " tag="300"><subfield code="a">VII+229P</subfield></datafield><datafield ind1=" " ind2=" " tag="490"><subfield code="a">Graduate Student Series In Physics. General Editor: Douglas F. Brewer</subfield></datafield><datafield ind1="1" ind2=" " tag="700"><subfield code="a">Kelly, J.C</subfield></datafield><datafield ind1=" " ind2=" " tag="852"><subfield code="a">41855</subfield><subfield code="c">537.311.33</subfield></datafield><datafield ind1=" " ind2=" " tag="CAT"><subfield code="a">Sys</subfield><subfield code="c">20110722</subfield><subfield code="h">092537</subfield></datafield></record></collection>